%YAML 1.1
%TAG !u! tag:unity3d.com,2011:
--- !u!1 &1693781020969044944
GameObject:
  m_ObjectHideFlags: 0
  m_CorrespondingSourceObject: {fileID: 0}
  m_PrefabInstance: {fileID: 0}
  m_PrefabAsset: {fileID: 0}
  serializedVersion: 6
  m_Component:
  - component: {fileID: 1693781020969044946}
  - component: {fileID: 1693781020969044947}
  - component: {fileID: 1693781020969044948}
  - component: {fileID: 1693781020969044949}
  m_Layer: 0
  m_Name: GoldBar
  m_TagString: Untagged
  m_Icon: {fileID: 0}
  m_NavMeshLayer: 0
  m_StaticEditorFlags: 0
  m_IsActive: 1
--- !u!4 &1693781020969044946
Transform:
  m_ObjectHideFlags: 0
  m_CorrespondingSourceObject: {fileID: 0}
  m_PrefabInstance: {fileID: 0}
  m_PrefabAsset: {fileID: 0}
  m_GameObject: {fileID: 1693781020969044944}
  m_LocalRotation: {x: -0, y: -0, z: -0.6059087, w: 0.79553425}
  m_LocalPosition: {x: 3.196219, y: 0.7866925, z: -2.923}
  m_LocalScale: {x: 1, y: 1, z: 1}
  m_Children:
  - {fileID: 1693781019838963005}
  m_Father: {fileID: 0}
  m_RootOrder: 0
  m_LocalEulerAnglesHint: {x: 0, y: 0, z: -74.589005}
--- !u!95 &1693781020969044947
Animator:
  serializedVersion: 3
  m_ObjectHideFlags: 0
  m_CorrespondingSourceObject: {fileID: 0}
  m_PrefabInstance: {fileID: 0}
  m_PrefabAsset: {fileID: 0}
  m_GameObject: {fileID: 1693781020969044944}
  m_Enabled: 1
  m_Avatar: {fileID: 0}
  m_Controller: {fileID: 9100000, guid: 33df8c46071842c448737122d03facd2, type: 2}
  m_CullingMode: 0
  m_UpdateMode: 0
  m_ApplyRootMotion: 0
  m_LinearVelocityBlending: 0
  m_WarningMessage: 
  m_HasTransformHierarchy: 1
  m_AllowConstantClipSamplingOptimization: 1
  m_KeepAnimatorControllerStateOnDisable: 0
--- !u!65 &1693781020969044948
BoxCollider:
  m_ObjectHideFlags: 0
  m_CorrespondingSourceObject: {fileID: 0}
  m_PrefabInstance: {fileID: 0}
  m_PrefabAsset: {fileID: 0}
  m_GameObject: {fileID: 1693781020969044944}
  m_Material: {fileID: 0}
  m_IsTrigger: 1
  m_Enabled: 1
  serializedVersion: 2
  m_Size: {x: 0.5, y: 0.5, z: 0.5}
  m_Center: {x: 0, y: 0, z: 0}
--- !u!114 &1693781020969044949
MonoBehaviour:
  m_ObjectHideFlags: 0
  m_CorrespondingSourceObject: {fileID: 0}
  m_PrefabInstance: {fileID: 0}
  m_PrefabAsset: {fileID: 0}
  m_GameObject: {fileID: 1693781020969044944}
  m_Enabled: 1
  m_EditorHideFlags: 0
  m_Script: {fileID: 11500000, guid: e874758c28e09ca4abc123b003f881c3, type: 3}
  m_Name: 
  m_EditorClassIdentifier: 
  value: 1
  pickupEffect: {fileID: 4617332014837479378, guid: ea059203a4c585742b6bacf50cbc543b,
    type: 3}
--- !u!1001 &1693781019838826429
PrefabInstance:
  m_ObjectHideFlags: 0
  serializedVersion: 2
  m_Modification:
    m_TransformParent: {fileID: 1693781020969044946}
    m_Modifications:
    - target: {fileID: 100000, guid: f320a3ff0a0ec284690031ed2ea33a58, type: 3}
      propertyPath: m_Name
      value: Gold-02
      objectReference: {fileID: 0}
    - target: {fileID: 400000, guid: f320a3ff0a0ec284690031ed2ea33a58, type: 3}
      propertyPath: m_LocalPosition.x
      value: -0.108
      objectReference: {fileID: 0}
    - target: {fileID: 400000, guid: f320a3ff0a0ec284690031ed2ea33a58, type: 3}
      propertyPath: m_LocalPosition.y
      value: -0.135
      objectReference: {fileID: 0}
    - target: {fileID: 400000, guid: f320a3ff0a0ec284690031ed2ea33a58, type: 3}
      propertyPath: m_LocalPosition.z
      value: -0.03
      objectReference: {fileID: 0}
    - target: {fileID: 400000, guid: f320a3ff0a0ec284690031ed2ea33a58, type: 3}
      propertyPath: m_LocalRotation.x
      value: -0.7369574
      objectReference: {fileID: 0}
    - target: {fileID: 400000, guid: f320a3ff0a0ec284690031ed2ea33a58, type: 3}
      propertyPath: m_LocalRotation.y
      value: 0.29897088
      objectReference: {fileID: 0}
    - target: {fileID: 400000, guid: f320a3ff0a0ec284690031ed2ea33a58, type: 3}
      propertyPath: m_LocalRotation.z
      value: 0.22789605
      objectReference: {fileID: 0}
    - target: {fileID: 400000, guid: f320a3ff0a0ec284690031ed2ea33a58, type: 3}
      propertyPath: m_LocalRotation.w
      value: 0.5617595
      objectReference: {fileID: 0}
    - target: {fileID: 400000, guid: f320a3ff0a0ec284690031ed2ea33a58, type: 3}
      propertyPath: m_RootOrder
      value: 0
      objectReference: {fileID: 0}
    - target: {fileID: 400000, guid: f320a3ff0a0ec284690031ed2ea33a58, type: 3}
      propertyPath: m_LocalEulerAnglesHint.x
      value: -105.366
      objectReference: {fileID: 0}
    - target: {fileID: 400000, guid: f320a3ff0a0ec284690031ed2ea33a58, type: 3}
      propertyPath: m_LocalEulerAnglesHint.y
      value: 0
      objectReference: {fileID: 0}
    - target: {fileID: 400000, guid: f320a3ff0a0ec284690031ed2ea33a58, type: 3}
      propertyPath: m_LocalEulerAnglesHint.z
      value: 44.162994
      objectReference: {fileID: 0}
    - target: {fileID: 400000, guid: f320a3ff0a0ec284690031ed2ea33a58, type: 3}
      propertyPath: m_LocalScale.x
      value: 4
      objectReference: {fileID: 0}
    - target: {fileID: 400000, guid: f320a3ff0a0ec284690031ed2ea33a58, type: 3}
      propertyPath: m_LocalScale.y
      value: 4
      objectReference: {fileID: 0}
    - target: {fileID: 400000, guid: f320a3ff0a0ec284690031ed2ea33a58, type: 3}
      propertyPath: m_LocalScale.z
      value: 4
      objectReference: {fileID: 0}
    m_RemovedComponents: []
  m_SourcePrefab: {fileID: 100100000, guid: f320a3ff0a0ec284690031ed2ea33a58, type: 3}
--- !u!4 &1693781019838963005 stripped
Transform:
  m_CorrespondingSourceObject: {fileID: 400000, guid: f320a3ff0a0ec284690031ed2ea33a58,
    type: 3}
  m_PrefabInstance: {fileID: 1693781019838826429}
  m_PrefabAsset: {fileID: 0}
